<record><leader>00000cas a2200000 a 4500</leader><controlfield tag="001">12228511</controlfield><controlfield tag="008">850703d19131926ksudr ne      0    0eng d</controlfield><datafield ind1=" " ind2=" " tag="010"><subfield code="a">sn 85030386 </subfield></datafield><datafield ind1=" " ind2=" " tag="040"><subfield code="a">KSH</subfield><subfield code="b">eng</subfield><subfield code="c">KSH</subfield><subfield code="d">NPT</subfield><subfield code="d">OCL</subfield><subfield code="d">OCLCQ</subfield></datafield><datafield ind1=" " ind2=" " tag="042"><subfield code="a">msc</subfield></datafield><datafield ind1="0" ind2="4" tag="245"><subfield code="a">The Daily free press and the times.</subfield></datafield><datafield ind1="1" ind2="7" tag="246"><subfield code="a">Daily free press</subfield></datafield><datafield ind1="1" ind2="3" tag="246"><subfield code="a">Times</subfield><subfield code="f">May 16-&lt;June 3, 1913&gt;</subfield></datafield><datafield ind1=" " ind2=" " tag="260"><subfield code="a">Independence, Kan. :</subfield><subfield code="b">H.J. Richmond,</subfield><subfield code="c">1913-1926.</subfield></datafield><datafield ind1=" " ind2=" " tag="300"><subfield code="a">15 v. :</subfield><subfield code="b">ill. (chiefly advertisements) ;</subfield><subfield code="c">37 cm.</subfield></datafield><datafield ind1=" " ind2=" " tag="310"><subfield code="a">Daily</subfield></datafield><datafield ind1="0" ind2=" " tag="362"><subfield code="a">Vol. 1, no. 192 (Feb. 28, 1913)-v. 15, no. 64 (Sept. 30, 1926).</subfield></datafield><datafield ind1=" " ind2=" " tag="500"><subfield code="a">Published by D. Clyde Knock, &lt;Apr. 18, 1914&gt;-Sept. 30, 1926.</subfield></datafield><datafield ind1=" " ind2=" " tag="515"><subfield code="a">Numbering is irregular.</subfield></datafield><datafield ind1=" " ind2=" " tag="580"><subfield code="a">Formed by the union of: Times (Independence, Kan. : 1905), and Daily free press (non-extant).</subfield></datafield><datafield ind1=" " ind2=" " tag="752"><subfield code="a">United States</subfield><subfield code="b">Kansas</subfield><subfield code="c">Montgomery</subfield><subfield code="d">Independence.</subfield></datafield><datafield ind1="1" ind2="4" tag="780"><subfield code="t">Times (Independence, Kan. : 1905)</subfield><subfield code="w">(DLC)sn 85030385</subfield></datafield><datafield ind1="1" ind2="4" tag="780"><subfield code="t">Daily free press</subfield></datafield><datafield ind1="0" ind2="7" tag="785"><subfield code="t">Independence daily reporter (Independence, Kan. : 1904)</subfield><subfield code="w">(DLC)sn 85030406</subfield></datafield><datafield ind1="0" ind2="7" tag="785"><subfield code="t">Independence daily reporter and the Independence daily free press</subfield><subfield code="w">(DLC)sn 85030407</subfield></datafield></record>